02RETORNO01COBRANCA       42056000156620925442CENTRAL DAS COOPERATIVAS DE CR001BANCO DO BRASIL0708131314759                                                                                                                                                                                                                                                                                               000001
100000000000000004205600015662092544221      3408928100000011600001160000010000001   019000000 0000000000 1806070813          00000000000010000001000000000000000035000142050000808130000261000000000000000000000000000000000000000000000000000000000000000000000000044400000000000000000000000000000001505150000000000000008920000000000000          0000000000000000000000000000000000000000000000000000000002
9201001          000000000000000000000000000000          000000000000000000000000000000          000000000000000000000000000000          000000000000000000000000000000                                                  000000000000000000000000000000                                                                                                                                                   000003
