01REMESSA01COBRANCA       0001 000000027      SOCIEDADE BRASILEIRA DE ZOOLOG097CENTRALCRED    1407150000003                                                                                                                                                                                                                                                                                               000001
102123456789012340001000000027                          0971000100002700012301140715      01330220603         6969      1309190000000019990130919     100919 0100012345678901PABLO DIEGO JOSE FRANCISCO DE PAULA JUAN                         RUA RIO GRANDE DO SUL SAO PAULO MINAS CACSAO JOSE DOS QUATRO APOSTSANTA RITA DE CASSIA MARISP12345678                                                       000002
9                                                                                                                                                                                                                                                                                                                                                                                                         000003