74800000         274576177000177                    00165 0000000006238 SOCIEDADE BRASILEIRA DE ZOOLOGSICREDI                                 11407200716151500000008101600                                                                     
74800011R01  040 2074576177000177                    00165 0000000006238 SOCIEDADE BRASILEIRA DE ZOOLOG                                                                                000000001407200700000000                                 
7480001300001P 0100165 0000000006238 072000031           111220000000000000031407200700000000000500000000 03N14072007300000000000000000000000000000000000000000000000000000000000000000000000000000                         3001060090000000000 
7480001300002Q 011000082136760505PABLO DIEGO JOSE FRANCISCO DE PAULA JUANRUA RIO GRANDE DO SUL SAO PAULO MINAS CASAO JOSE DOS QU12345678SANTA RITA DE CRJ0000000000000000                                        000                            
74800015         00000400000000000000000000000000000000000000000000000000000000000000000000000000000000000000000000                                                                                                                             
74899999         000001000006000000                                                                                                                                                                                                             