08500000         100012345678901123456              1234510001234567897 SOCIEDADE BRASILEIRA DE ZOOLOGCECRED                                  11407201516151500000108700000                                                                     
08500011R01  045 1000012345678901123456              1234510001234567897 SOCIEDADE BRASILEIRA DE ZOOLOG                                                                                000000011407201500000000                                 
0850001300001P 011234510001234567897 123                 101220000000000001231407201500000000001999000000002N14072015300000000000000000000000000000000000000000000000000000000000000000000000000000123                      3002   090000000000 
0850001300002Q 011000012345678901PABLO DIEGO JOSE FRANCISCO DE PAULA JUANRUA RIO GRANDE DO SUL SAO PAULO MINAS CASAO JOSE DOS QU12345678SANTA RITA DE CSP0000000000000000                                        000                            
0850001300003R 01000000000000000000000000000000000000000000000000000000000000000000000000                                                                                                              0000000000000000 000000000000  0         
08500015         00000500000100000000000019990000000000000000000000000000000000000000000000000000000000000000000000                                                                                                                             
08599999         000001000007                                                                                                                                                                                                                   