74800000         274576177000177                    0432730000000036668 SOCIEDADE BRASILEIRA DE ZOOLOGSICREDI                                 114072015161515000000081000000000000000000000000000000000000000000000                             
74800011R01  040 2074576177000177                    0432730000000036668 SOCIEDADE BRASILEIRA DE ZOOLOG                                                                                000000001407201500000000                                 
7480001300001P 010432730000000036668 15200000000004297151111220000000004297151407201500000000000500000000003N14072015000000000000000000000000000000000000000000000000000000000000000000000000000000                         3001060090000000000 
7480001300002Q 011000082136760505PABLO DIEGO JOSE FRANCISCO DE PAULA JUANRUA RIO GRANDE DO SUL SAO PAULO MINAS CASAO JOSE DOS QU12345678SANTA RITA DE CRJ0000000000000000                                        000                            
74800015         00000400000100000000000005000000000000000000000000000000000000000000000000000000000000000000000000                                                                                                                             
74899999         000001000006000000                                                                                                                                                                                                             