01REMESSA01COBRANCA                           SOCIEDADE BRASILEIRA DE ZOOLOG041BANRISUL       140715                                                                                                                                                                                                                                                                                                      000001
10000000000000000000000111029000150961                        0000000000000000123P00000000002N           2  011         14071500000000199900000000001N140715000000000000000000000000000000000000000000000000000000000000000100012345678901PABLO DIEGO JOSE FRANCISCO DE PAULA JUANRUA RIO GRANDE DO SU SANTA RITA DE C/SP             12345678                                                            000002
9                                                                                                                                                                                                                                                                                                                                                                                                         000003